    @BOOK{Krecek,
        author =    "Křeček, Stanislav",
        title =     "Příručka zabezpečovací techniky",
        publisher = "Blatenská tiskárna s.r.o.",
        isbn =      "80-902938-2-4",
        year =      "2006",
        edition =   "3",
        address =   "Blatná",
        pages =     "313",
    }
    @BOOK{velas_ezs,
        author =    "Andrej Veľas",
        title =     "Elektrické zabezpečovacie systémy",
        publisher = "EDIS – vydavateľstvo ŽU",
        isbn =      "978-80-554-0224-6",
        year =      "2010",
        edition =   "1",
        address =   "Žilina",
        pages =     "104",
        url =       "http://fsi.uniza.sk/kbm/wp-content/uploads/2013/12/Velas_EZS.pdf",
    }
    @Manual{csn-en-50131-1,
        author =        "{ČESKÝ NORMALIZAČNÍ INSTITUT}",
        title =         "ČSN EN 50131-1: Poplachové systémy – Poplachové zabezpečovací a tísňové systémy – Část 1: Systémové požadavky",
        edition =        "2",
        year =          "2007",
    }
    @Article{magnetickykontakt,
        author =    "Milan Kutaj and Andrej Veľas",
        title =     "Magnetické kontakty - testovanie spoľahlivosti",
        address =   "Žilina",
        journal =   "Riešenie krízových situácií v špecifickom prostredí",
        year =      "2015",
        number =    "",
        edition =   "20",
        pages =     "8",
        url =       "http://fbiw.uniza.sk/rks/2015/articles/Kutaj_Velas.pdf",
    }
    
    @Webpage{PIR-strop,
        author =        "Lelong",
        title =         "Lelong",
        howpublished =  "online",
        year =          "2020",
        revised =       "",
        cited =         "!2020-02-23",
        url =           "https://www.lelong.com.my/paradox-360-u00b0-ceiling-mounted-digital-motion-detector-paradome-dg467-skytechpro-F785655-2007-01-Sale-I.htm"
    }
    @Website{bluetooth,
        author =        "{Bluetooth SIG}",
        title =         "LEARN ABOUT BLUETOOTH",
        howpulished =   "online",
        year =          "2020",
        revised =       "",
        cited =         "2020-04-13",
        url =           "https://www.bluetooth.com/learn-about-bluetooth/bluetooth-technology/"
    }
    @Article{PIR-vejar,
        author =    "Jin, Yuan and Yan, Da and Sun, Hongsan",
        year =      "2019",
        month =     "03",
        pages =     "9",
        title =     "Lighting System Control in Office Building Using Occupancy Prediction Based on Historical Occupied Ratio",
        number =   "238",
        edition =   "1",
        journal =   "IOP Conference Series: Earth and Environmental Science",
        url =       "https://doi.org/10.1088/1755-1315/238/1/012009"
    }
    @Webpage{ble-arch,
        author =        "{RF Wireless World}",
        title =         "Home of RF and Wireless Vendors and Resources",
        howpublished =  "online",
        year =          "2012",
        revised =       "",
        cited =         "2020-04-13",
        url =           "https://www.rfwireless-world.com/Terminology/BLE-Protocol-Stack-Architecture.html"
    }
    @Webpage{esp-sleep,
        author =        "{Last Minute Engineers}",
        title =         "Insight Into ESP32 Sleep Modes \& Their Power Consumption",
        howpublished =  "online",
        year =          "2020",
        revised =       "",
        cited =         "2020-04-21",
        url =           "https://lastminuteengineers.com/esp32-sleep-modes-power-consumption/"
    }
    
    @Manual{esp-datasheet,
        author =        "{Espressif Systems}",
        title =         "IESP32 Series Datasheet",
        year =          "2020",
        edition =       "V3.3",
        cited =         "2020-04-22",
        url =           "https://www.espressif.com/sites/default/files/documentation/esp32_datasheet_en.pdf"
    }
    @Manual{pir-datasheet,
        author =        "{NANYANG SENBA OPTICAL AND ELECTRONIC CO.,LTD.}",
        title =         "Pyroelectric Infrared Radial Sensor",
        year =          "2018",
        edition =       "1",
        cited =         "2020-05-01",
        url =           "https://drive.google.com/file/d/1z-Ni9ebEjoxDKRnMG1l4lpxKL1xhjP20/view"
    }
    
    @Website{hybrid-app,
        author =        "Chris Griffith",
        title =         "What is Hybrid App Development?",
        howpulished =   "online",
        year =          "2019",
        cited =         "2020-05-13",
        url =           "https://ionicframework.com/resources/articles/what-is-hybrid-app-development"
    }
    
    @Website{crossplatform-app,
        author =        "Pietro Saccomani",
        title =         "Native Apps, Web Apps or Hybrid Apps? What’s the Difference?",
        howpulished =   "online",
        year =          "2019",
        cited =         "2020-05-13",
        url =           "https://www.mobiloud.com/blog/native-web-or-hybrid-apps/"
    }
    
